<record><leader>00000cas a22000007a 4500</leader><controlfield tag="001">31877223</controlfield><controlfield tag="008">950124d19uu19uucauwr ne      0    0eng d</controlfield><datafield ind1=" " ind2=" " tag="010"><subfield code="a">sn 94051626 </subfield></datafield><datafield ind1=" " ind2=" " tag="040"><subfield code="a">CNK</subfield><subfield code="b">eng</subfield><subfield code="c">CNK</subfield><subfield code="d">OCLCQ</subfield></datafield><datafield ind1=" " ind2=" " tag="042"><subfield code="a">msc</subfield></datafield><datafield ind1="0" ind2=" " tag="130"><subfield code="a">Reporter-news (El Sereno, Los Angeles, Calif.)</subfield></datafield><datafield ind1="1" ind2="0" tag="245"><subfield code="a">Reporter-news.</subfield></datafield><datafield ind1="1" ind2="7" tag="246"><subfield code="a">El Sereno reporter-news</subfield></datafield><datafield ind1=" " ind2=" " tag="260"><subfield code="a">El Sereno, Calif. :</subfield><subfield code="b">David H. MacDougall</subfield></datafield><datafield ind1=" " ind2=" " tag="300"><subfield code="a">v.</subfield></datafield><datafield ind1=" " ind2=" " tag="310"><subfield code="a">Weekly</subfield></datafield><datafield ind1=" " ind2=" " tag="500"><subfield code="a">"The Reporter Of El Sereno Combined With The El Sereno News."</subfield></datafield><datafield ind1=" " ind2=" " tag="588"><subfield code="a">Description based on: Vol. 28, no. 52 (Nov. 30, 1950).</subfield></datafield><datafield ind1=" " ind2="4" tag="651"><subfield code="a">El Sereno (Los Angeles, Calif.)</subfield><subfield code="v">Newspapers.</subfield></datafield><datafield ind1=" " ind2=" " tag="752"><subfield code="a">United States</subfield><subfield code="b">California</subfield><subfield code="c">Los Angeles</subfield><subfield code="d">Los Angeles.</subfield></datafield><datafield ind1="1" ind2=" " tag="029"><subfield code="a">AU@</subfield><subfield code="b">000011525522</subfield></datafield></record>